% This file was created with JabRef 2.7.2.
% Encoding: UTF8

@ARTICLE{bousquet2004introduction,
  author = {Bousquet, O. and Boucheron, S. and Lugosi, G.},
  title = {Introduction to statistical learning theory},
  journal = {Advanced Lectures on Machine Learning},
  year = {2004},
  pages = {169--207},
  __markedentry = {[mariayh:2]},
  publisher = {Springer},
  timestamp = {2012.03.04}
}

@ARTICLE{王国胤2009粗糙集理论与应用研究综述,
  author = {王国胤 and 姚一豫 and 于洪},
  title = {粗糙集理论与应用研究综述},
  journal = {计算机学报},
  year = {2009},
  volume = {32},
  pages = {1229--1246},
  number = {7},
  file = {(2009) 粗糙集理论与应用研究综述 （计算机学报 -重邮）.pdf:14_数据分析方法\\(2009) 粗糙集理论与应用研究综述 （计算机学报 -重邮）.pdf:PDF},
  timestamp = {2012.02.28}
}

@BOOK{,
  title = {统计学习基础：数据挖掘 推理与预测（The Elements of Statistical Learning：Data mining,
	inference and prediction）},
  publisher = {Stanford University (斯坦福大学出版社)},
  year = {2009},
  author = {(美) Trevor Hastie, Robert Tibshirani, Jerome Friedman；范明, 柴玉梅, 昝红英等译},
  pages = {381},
  edition = {2},
  file = {数据挖掘-推理与预测（The Elements of Statistical Learning：Data mining, inference and prediction）:14_数据分析方法\\(2009) 数据挖掘 推理与预测（The Elements of Statistical Learning：Data mining and inference and prediction）.pdf:PDF},
  timestamp = {2012.03.04},
  url = {http://www-stat.stanford.edu/~tibs/ElemStatLearn/}
}

@BOOK{,
  title = {Statistical Learning Methods ：第20章 of 《数据挖掘 推理与预测（The Elements of
	Statistical Learning：Data mining and inference and prediction）》},
  year = {2009},
  author = {(美) Trevor Hastie, Robert Tibshirani, Jerome Friedman},
  __markedentry = {[mariayh:2]},
  file = {统计学习方法:14_数据分析方法\\(2009) Chapter 20：Statistical Learning Methods《统计学习基础：数据挖掘 推理与预测》.pdf:PDF},
  timestamp = {2012.03.04},
  url = {http://www.stanford.edu/~hastie/mrc.html}
}

@UNPUBLISHED{Newton2010,
  author = {Elizabeth Newton（美国麻省理工学院）},
  title = {非参数统计方法},
  year = {2010},
  file = {05- 非参数统计方法.pdf:14_数据分析方法\\05- 非参数统计方法.pdf:PDF},
  timestamp = {2012.02.28}
}

@UNPUBLISHED{yang2012mentcalo,
  author = {杨欢},
  title = {蒙特卡罗方法},
  month = {2},
  year = {2012},
  file = {蒙特卡罗方法:14_数据分析方法\\03- 蒙特卡罗方法DataAnalysis-ch06.ppt:Word},
  timestamp = {2012.02.23}
}

@UNPUBLISHED{yang2012pca,
  author = {杨欢},
  title = {主成分分析法PCA},
  month = {2},
  year = {2012},
  file = {主成分分析法:14_数据分析方法\\02- 主成分分析法 （数模专题5）.doc:Word},
  timestamp = {2012.02.23}
}

@UNPUBLISHED{yang2012time-seriesanalysis,
  author = {杨欢},
  title = {时序分析方法},
  month = {2},
  year = {2012},
  file = {时序分析方法:14_数据分析方法\\01- 时序分析.docx:Word},
  timestamp = {2012.02.23}
}

@ARTICLE{钱叶魁2012基于多尺度主成分分析的全网络异常检测方法,
  author = {钱叶魁 and 陈鸣 and 叶立新 and 刘凤荣 and 朱少卫 and 张晗},
  title = {基于多尺度主成分分析的全网络异常检测方法},
  journal = {Journal of Software},
  year = {2012},
  volume = {23},
  number = {2},
  file = {(2012) 基于多尺度主成分分析的全网络异常检测方法 (软件学报).pdf:14_数据分析方法\\(2012) 基于多尺度主成分分析的全网络异常检测方法 (软件学报).pdf:PDF},
  timestamp = {2012.03.15}
}

@comment{jabref-meta: selector_review:}

@comment{jabref-meta: selector_publisher:}

@comment{jabref-meta: selector_author:}

@comment{jabref-meta: selector_journal:}

@comment{jabref-meta: selector_keywords:}

